@inproceedings{Madera2009,
address = {Madrid},
author = {Madera, Ana and Rivera-Rubio, Jose and Carballar, Alejandro},
booktitle = {Telecom I+D},
title = {{DVB-H, realidad o ficci\'{o}n}},
year = {2009}
}
@book{Rivera-Rubiotranslator2010,
address = {Barcelona},
author = {{Rivera-Rubio (translator)}, Jose},
edition = {1},
editor = {{Lazaro Garcia}, Miguel and Pomares, Jose Miguel},
isbn = {978-84-937643-3-3},
publisher = {Cabaret Voltaire},
title = {{The peculiar memories of Thomas Penman. By Bruce Robinson}},
url = {http://www.cabaretvoltaire.es/index.php?id=129},
year = {2010}
}
@inproceedings{Rivera-Rubio2013,
author = {Rivera-Rubio, Jose and Idrees, Saad and Alexiou, Ioannis and Hadjilucas, Lucas and Bharath, Anil A},
booktitle = {Lecture Notes in Computer Science (in Press)},
file = {:media/Data/PhD\_files/Publications/ICIAP2013/submission/acvr\_35.pdf:pdf},
keywords = {devices,image-based localisation,mobile assistive,mobile computer vision,object categorisation,path-planning},
number = {2013},
publisher = {Springer-Verlag},
title = {{Mobile Visual Assistive Apps : Benchmarks of Vision Algorithm Performance}},
year = {2013}
}
@article{Rivera-Rubio2010,
address = {Madrid},
author = {Rivera-Rubio, Jose and Madera, Ana and Carballar, Alejandro},
file = {:media/Data/PhD\_files/References/My publications/rivera\_bit2010.pdf:pdf},
journal = {BIT},
number = {179},
pages = {59--62},
publisher = {the Spanish Electrical and Electronic Engineers Association (COIT)},
title = {{Hacia el Todo-IP en movilidad}},
year = {2010}
}
@inproceedings{Rivera-Rubio2009,
address = {Madrid},
author = {Rivera-Rubio, Jose and Madera, Ana and Carballar, Alejandro},
booktitle = {Telecom I+D},
doi = {978.84.613.5636.2},
file = {:media/Data/PhD\_files/References/My publications/Inc\'{o}gnitas de IMS y claves para su lanzamiento.pdf:pdf},
isbn = {978.84.613.5636.2},
title = {{Inc\'{o}gnitas de IMS y claves para su lanzamiento}},
year = {2009}
}
