@inproceedings{Rivera2009,
address = {Madrid},
author = {Rivera, Jos\'{e} M and Madera, Ana and Carballar, Alejandro},
booktitle = {Telecom I+D},
file = {:media/Data/PhD\_files/References/My publications/Inc\'{o}gnitas de IMS y claves para su lanzamiento.pdf:pdf},
pages = {1--5},
title = {{Inc\'{o}gnitas de IMS y claves para su lanzamiento}},
year = {2009}
}
@article{Rivera2010,
address = {Madrid},
author = {Rivera, Jos\'{e} M and Madera, Ana and Carballar, Alejandro},
file = {:media/Data/PhD\_files/References/My publications/rivera\_bit2010.pdf:pdf},
journal = {BIT, the publication of the Spanish Electrical and Electronic Engineers Association (COIT)},
pages = {59--62},
title = {{Hacia el Todo-IP en movilidad}},
year = {2010}
}
@inproceedings{Madera2009,
address = {Madrid},
author = {Madera, Ana and Rivera, Jos\'{e} M and Carballar, Alejandro},
booktitle = {Telecom I+D},
title = {{DVB-H, realidad o ficci\'{o}n}},
year = {2009}
}
